Query Results from the ADS Database

@ARTICLE{Acernese_2015CQGra,
   author = {{Acernese}, F. and {Agathos}, M. and {Agatsuma}, K. and {Aisa}, D. and 
	{Allemandou}, N. and {Allocca}, A. and {Amarni}, J. and {Astone}, P. and 
	{Balestri}, G. and {Ballardin}, G. and et al.},
    title = "{Advanced Virgo: a second-generation interferometric gravitational wave detector}",
  journal = cqg,
archivePrefix = "arXiv",
   eprint = {1408.3978},
 primaryClass = "gr-qc",
     year = 2015,
    month = jan,
   volume = 32,
   number = 2,
      eid = {024001},
    pages = {024001},
      doi = {10.1088/0264-9381/32/2/024001},
   url = {http://adsabs.harvard.edu/abs/2015CQGra..32b4001A},
  adsnote = {Provided by the SAO/NASA Astrophysics Data System}
}

@ARTICLE{LIGO_2015CQGra,
   author = {{LIGO Scientific Collaboration} and {Aasi}, J. and {Abbott}, B.~P. and 
	{Abbott}, R. and {Abbott}, T. and {Abernathy}, M.~R. and {Ackley}, K. and 
	{Adams}, C. and {Adams}, T. and {Addesso}, P. and et al.},
    title = "{Advanced LIGO}",
  journal = cqg,
archivePrefix = "arXiv",
   eprint = {1411.4547},
 primaryClass = "gr-qc",
     year = 2015,
    month = apr,
   volume = 32,
   number = 7,
      eid = {074001},
    pages = {074001},
      doi = {10.1088/0264-9381/32/7/074001},
   url = {http://adsabs.harvard.edu/abs/2015CQGra..32g4001L},
  adsnote = {Provided by the SAO/NASA Astrophysics Data System}
}

@ARTICLE{Abdo_2009ApJ,
   author = {{Abdo}, A.~A. and {Ackermann}, M. and {Ajello}, M. and {Asano}, K. and 
	{Atwood}, W.~B. and {Axelsson}, M. and {Baldini}, L. and {Ballet}, J. and others },
    title = "{Fermi Observations of GRB 090902B: A Distinct Spectral Component in the Prompt and Delayed Emission}",
  journal = apjl,
archivePrefix = "arXiv",
   eprint = {0909.2470},
 primaryClass = "astro-ph.HE",
 keywords = {gamma rays: bursts},
     year = 2009,
    month = nov,
   volume = 706,
    pages = {L138-L144},
      doi = {10.1088/0004-637X/706/1/L138},
   url = {http://adsabs.harvard.edu/abs/2009ApJ...706L.138A},
  adsnote = {Provided by the SAO/NASA Astrophysics Data System}
}

@ARTICLE{Guiriec_2011ApJ,
   author = {{Guiriec}, S. and {Connaughton}, V. and {Briggs}, M.~S. and 
	{Burgess}, M. and {Ryde}, F. and {Daigne}, F. and {M{\'e}sz{\'a}ros}, P. and 
	{Goldstein}, A. and {McEnery}, J. and {Omodei}, N. and {Bhat}, P.~N. and 
	{Bissaldi}, E. and {Camero-Arranz}, A. and {Chaplin}, V. and 
	{Diehl}, R. and {Fishman}, G. and {Foley}, S. and {Gibby}, M. and 
	{Giles}, M.~M. and {Greiner}, J. and {Gruber}, D. and {von Kienlin}, A. and 
	{Kippen}, M. and {Kouveliotou}, C. and {McBreen}, S. and {Meegan}, C.~A. and 
	{Paciesas}, W. and {Preece}, R. and {Rau}, A. and {Tierney}, D. and 
	{van der Horst}, A.~J. and {Wilson-Hodge}, C.},
    title = "{Detection of a Thermal Spectral Component in the Prompt Emission of GRB 100724B}",
  journal = apjl,
archivePrefix = "arXiv",
   eprint = {1010.4601},
 primaryClass = "astro-ph.HE",
 keywords = {acceleration of particles, gamma-ray burst: individual: GRB 1000724B, gamma rays: stars, radiation mechanisms: non-thermal, radiation mechanisms: thermal},
     year = 2011,
    month = feb,
   volume = 727,
      eid = {L33},
    pages = {L33},
      doi = {10.1088/2041-8205/727/2/L33},
   url = {http://adsabs.harvard.edu/abs/2011ApJ...727L..33G},
  adsnote = {Provided by the SAO/NASA Astrophysics Data System}
}

@ARTICLE{Abbott_2016PhRvL,
   author = {{Abbott}, B.~P. and {Abbott}, R. and {Abbott}, T.~D. and {Abernathy}, M.~R. and 
	{Acernese}, F. and {Ackley}, K. and {Adams}, C. and {Adams}, T. and 
	{Addesso}, P. and {Adhikari}, R.~X. and others},
    title = "{Observation of Gravitational Waves from a Binary Black Hole Merger}",
  journal = prl,
archivePrefix = "arXiv",
   eprint = {1602.03837},
 primaryClass = "gr-qc",
     year = 2016,
    month = feb,
   volume = 116,
   number = 6,
      eid = {061102},
    pages = {061102},
      doi = {10.1103/PhysRevLett.116.061102},
   url = {http://adsabs.harvard.edu/abs/2016PhRvL.116f1102A},
  adsnote = {Provided by the SAO/NASA Astrophysics Data System}
}

@ARTICLE{Berger_2014ARAA,
   author = {{Berger}, E.},
    title = "{Short-Duration Gamma-Ray Bursts}",
  journal = araa,
archivePrefix = "arXiv",
   eprint = {1311.2603},
 primaryClass = "astro-ph.HE",
     year = 2014,
    month = aug,
   volume = 52,
    pages = {43-105},
      doi = {10.1146/annurev-astro-081913-035926},
   url = {http://adsabs.harvard.edu/abs/2014ARA%26A..52...43B},
  adsnote = {Provided by the SAO/NASA Astrophysics Data System}
}

@ARTICLE{Fruchter_2000ApJ,
   author = {{Fruchter}, A.~S. and {Pian}, E. and {Gibbons}, R. and {Thorsett}, S.~E. and 
	{Ferguson}, H. and {Petro}, L. and {Sahu}, K.~C. and {Livio}, M. and 
	{Caraveo}, P. and {Frontera}, F. and {Kouveliotou}, C. and {Macchetto}, D. and 
	{Palazzi}, E. and {Pedersen}, H. and {Tavani}, M. and {van Paradijs}, J.
	},
    title = "{HUBBLE SPACE TELESCOPE Observations of the Host Galaxy of GRB 970508}",
  journal = apj,
   eprint = {astro-ph/9903236},
 keywords = {Cosmology: Observations, Galaxies: Active, Galaxies: Starburst, Gamma Rays: Bursts, Stars: Formation},
     year = 2000,
    month = dec,
   volume = 545,
    pages = {664-669},
      doi = {10.1086/317870},
   url = {http://adsabs.harvard.edu/abs/2000ApJ...545..664F},
  adsnote = {Provided by the SAO/NASA Astrophysics Data System}
}


@ARTICLE{Golenetskii_1983Natur,
   author = {{Golenetskii}, S.~V. and {Mazets}, E.~P. and {Aptekar}, R.~L. and 
	{Ilinskii}, V.~N.},
    title = "{Correlation between luminosity and temperature in gamma-ray burst sources}",
  journal = nat,
 keywords = {Gamma Ray Bursts, Gamma Ray Spectra, Spectral Correlation, Continuous Spectra, Energy Spectra, Luminosity, Plasma Temperature, Solar Maximum Mission, Venera Satellites},
     year = 1983,
    month = dec,
   volume = 306,
    pages = {451-453},
      doi = {10.1038/306451a0},
   url = {http://adsabs.harvard.edu/abs/1983Natur.306..451G},
  adsnote = {Provided by the SAO/NASA Astrophysics Data System}
}

@ARTICLE{Band_1993ApJ,
   author = {{Band}, D. and {Matteson}, J. and {Ford}, L. and {Schaefer}, B. and 
	{Palmer}, D. and {Teegarden}, B. and {Cline}, T. and {Briggs}, M. and 
	{Paciesas}, W. and {Pendleton}, G. and {Fishman}, G. and {Kouveliotou}, C. and 
	{Meegan}, C. and {Wilson}, R. and {Lestrade}, P.},
    title = "{BATSE observations of gamma-ray burst spectra. I - Spectral diversity}",
  journal = apj,
 keywords = {Galactic Halos, Gamma Ray Bursts, Gamma Ray Spectra, Statistical Analysis, Radiation Distribution, Transient Response},
     year = 1993,
    month = aug,
   volume = 413,
    pages = {281-292},
      doi = {10.1086/172995},
   url = {http://adsabs.harvard.edu/abs/1993ApJ...413..281B},
  adsnote = {Provided by the SAO/NASA Astrophysics Data System}
}

@INBOOK{Hjorth_and_Bloom_2012in_book,
   author = {{Hjorth}, J. and {Bloom}, J.~S.},
    title = "{The Gamma-Ray Burst - Supernova Connection}",
 keywords = {Astrophysics, High Energy Astrophysical Phenomena},
booktitle = {Gamma-Ray Bursts, Cambridge Astrophysics Series 51},
   editor = {C.~Kouveliotou and R.~A.~M.~J.~Wijers and S.~Woosley},
   publisher = {Cambridge University Press (Cambridge)},
   archivePrefix = "arXiv",
   eprint = {arXiv:1104.2274},
     year = 2012,
    month = nov,
    chapter = 9,
    pages = {169-190},
   url = {http://adsabs.harvard.edu/abs/2012grbu.book..169H},
  adsnote = {Provided by the SAO/NASA Astrophysics Data System}
}

@ARTICLE{Frail_1997Natur,
   author = {{Frail}, D.~A. and {Kulkarni}, S.~R. and {Nicastro}, L. and 
	{Feroci}, M. and {Taylor}, G.~B.},
    title = "{The radio afterglow from the {$\gamma$}-ray burst of 8 May 1997}",
  journal = nat,
     year = 1997,
    month = sep,
   volume = 389,
    pages = {261-263},
      doi = {10.1038/38451},
   url = {http://adsabs.harvard.edu/abs/1997Natur.389..261F},
  adsnote = {Provided by the SAO/NASA Astrophysics Data System}
}

@ARTICLE{Reichart_1998ApJ,
   author = {{Reichart}, D.~E.},
    title = "{The Redshift of GRB 970508}",
  journal = apj,
   eprint = {astro-ph/9712100},
 keywords = {GAMMA RAYS: BURSTS, Gamma Rays: Bursts},
     year = 1998,
    month = mar,
   volume = 495,
    pages = {L99-L101},
      doi = {10.1086/311222},
   url = {http://adsabs.harvard.edu/abs/1998ApJ...495L..99R},
  adsnote = {Provided by the SAO/NASA Astrophysics Data System}
}

@ARTICLE{Metzger_1997Natur,
   author = {{Metzger}, M.~R. and {Djorgovski}, S.~G. and {Kulkarni}, S.~R. and 
	{Steidel}, C.~C. and {Adelberger}, K.~L. and {Frail}, D.~A. and 
	{Costa}, E. and {Frontera}, F.},
    title = "{Spectral constraints on the redshift of the optical counterpart to the {$\gamma$}-ray burst of 8 May 1997}",
  journal = nat,
     year = 1997,
    month = jun,
   volume = 387,
    pages = {878-880},
      doi = {10.1038/43132},
   url = {http://adsabs.harvard.edu/abs/1997Natur.387..878M},
  adsnote = {Provided by the SAO/NASA Astrophysics Data System}
}

@ARTICLE{Briggs_1993ApJ,
   author = {{Briggs}, M.~S.},
    title = "{Dipole and quadrupole tests of the isotropy of gamma-ray burst locations}",
  journal = apj,
 keywords = {Gamma Ray Astronomy, Gamma Ray Bursts, Statistical Analysis, Astronomical Models, Milky Way Galaxy, Spherical Coordinates},
     year = 1993,
    month = apr,
   volume = 407,
    pages = {126-134},
      doi = {10.1086/172498},
   url = {http://adsabs.harvard.edu/abs/1993ApJ...407..126B},
  adsnote = {Provided by the SAO/NASA Astrophysics Data System}
}

% The first x-ray afterglow
@ARTICLE{Costa1997Natur,
   author = {{Costa}, E. and {Frontera}, F. and {Heise}, J. and {Feroci}, M. and 
	{in't Zand}, J. and {Fiore}, F. and {Cinti}, M.~N. and {Dal Fiume}, D. and 
	{Nicastro}, L. and {Orlandini}, M. and {Palazzi}, E. and {Rapisarda\#}, M. and 
	{Zavattini}, G. and {Jager}, R. and {Parmar}, A. and {Owens}, A. and 
	{Molendi}, S. and {Cusumano}, G. and {Maccarone}, M.~C. and 
	{Giarrusso}, S. and {Coletta}, A. and {Antonelli}, L.~A. and 
	{Giommi}, P. and {Muller}, J.~M. and {Piro}, L. and {Butler}, R.~C.
	},
    title = "{Discovery of an X-ray afterglow associated with the {$\gamma$}-ray burst of 28 February 1997}",
  journal = nat,
   eprint = {astro-ph/9706065},
     year = 1997,
    month = jun,
   volume = 387,
    pages = {783-785},
      doi = {10.1038/42885},
   url = {http://adsabs.harvard.edu/abs/1997Natur.387..783C},
  adsnote = {Provided by the SAO/NASA Astrophysics Data System}
}

% The first optical afterglow and host galaxy
@ARTICLE{van_Paradijs_1997Natur,
   author = {{van Paradijs}, J. and {Groot}, P.~J. and {Galama}, T. and {Kouveliotou}, C. and 
	{Strom}, R.~G. and {Telting}, J. and {Rutten}, R.~G.~M. and 
	{Fishman}, G.~J. and {Meegan}, C.~A. and {Pettini}, M. and {Tanvir}, N. and 
	{Bloom}, J. and {Pedersen}, H. and {N{\o}rdgaard-Nielsen}, H.~U. and 
	{Linden-V{\o}rnle}, M. and {Melnick}, J. and {van der Steene}, G. and 
	{Bremer}, M. and {Naber}, R. and {Heise}, J. and {in't Zand}, J. and 
	{Costa}, E. and {Feroci}, M. and {Piro}, L. and {Frontera}, F. and 
	{Zavattini}, G. and {Nicastro}, L. and {Palazzi}, E. and {Bennett}, K. and 
	{Hanlon}, L. and {Parmar}, A.},
    title = "{Transient optical emission from the error box of the {$\gamma$}-ray burst of 28 February 1997}",
  journal = nat,
     year = 1997,
    month = apr,
   volume = 386,
    pages = {686-689},
      doi = {10.1038/386686a0},
   url = {http://adsabs.harvard.edu/abs/1997Natur.386..686V},
  adsnote = {Provided by the SAO/NASA Astrophysics Data System}
}


% The first optical afterglow
@ARTICLE{Djorgovski_1997Natur,
   author = {{Djorgovski}, S.~G. and {Metzger}, M.~R. and {Kulkarni}, S.~R. and 
	{Odewahn}, S.~C. and {Gal}, R.~R. and {Pahre}, M.~A. and {Frail}, D.~A. and 
	{Feroci}, M. and {Costa}, E. and {Palazzi}, E.},
    title = "{The optical counterpart to the {$\gamma$}-ray burst GRB~970508}",
  journal = nat,
     year = 1997,
    month = jun,
   volume = 387,
    pages = {876-878},
      doi = {10.1038/43126},
   url = {http://adsabs.harvard.edu/abs/1997Natur.387..876D},
  adsnote = {Provided by the SAO/NASA Astrophysics Data System}
}

@ARTICLE{Gehrels_2005Natur,
   author = {{Gehrels}, N. and {Sarazin}, C.~L. and {O'Brien}, P.~T. and 
	{Zhang}, B. and {Barbier}, L. and {Barthelmy}, S.~D. and {Blustin}, A. and 
	{Burrows}, D.~N. and {Cannizzo}, J. and {Cummings}, J.~R. and 
	{Goad}, M. and {Holland}, S.~T. and {Hurkett}, C.~P. and {Kennea}, J.~A. and 
	{Levan}, A. and {Markwardt}, C.~B. and {Mason}, K.~O. and {Meszaros}, P. and 
	{Page}, M. and {Palmer}, D.~M. and {Rol}, E. and {Sakamoto}, T. and 
	{Willingale}, R. and {Angelini}, L. and {Beardmore}, A. and 
	{Boyd}, P.~T. and {Breeveld}, A. and {Campana}, S. and {Chester}, M.~M. and 
	{Chincarini}, G. and {Cominsky}, L.~R. and {Cusumano}, G. and 
	{de Pasquale}, M. and {Fenimore}, E.~E. and {Giommi}, P. and 
	{Gronwall}, C. and {Grupe}, D. and {Hill}, J.~E. and {Hinshaw}, D. and 
	{Hjorth}, J. and {Hullinger}, D. and {Hurley}, K.~C. and {Klose}, S. and 
	{Kobayashi}, S. and {Kouveliotou}, C. and {Krimm}, H.~A. and 
	{Mangano}, V. and {Marshall}, F.~E. and {McGowan}, K. and {Moretti}, A. and 
	{Mushotzky}, R.~F. and {Nakazawa}, K. and {Norris}, J.~P. and 
	{Nousek}, J.~A. and {Osborne}, J.~P. and {Page}, K. and {Parsons}, A.~M. and 
	{Patel}, S. and {Perri}, M. and {Poole}, T. and {Romano}, P. and 
	{Roming}, P.~W.~A. and {Rosen}, S. and {Sato}, G. and {Schady}, P. and 
	{Smale}, A.~P. and {Sollerman}, J. and {Starling}, R. and {Still}, M. and 
	{Suzuki}, M. and {Tagliaferri}, G. and {Takahashi}, T. and {Tashiro}, M. and 
	{Tueller}, J. and {Wells}, A.~A. and {White}, N.~E. and {Wijers}, R.~A.~M.~J.
	},
    title = "{A short {$\gamma$}-ray burst apparently associated with an elliptical galaxy at redshift z = 0.225}",
  journal = nat,
   eprint = {astro-ph/0505630},
     year = 2005,
    month = oct,
   volume = 437,
    pages = {851-854},
      doi = {10.1038/nature04142},
   url = {http://adsabs.harvard.edu/abs/2005Natur.437..851G},
  adsnote = {Provided by the SAO/NASA Astrophysics Data System}
}

@ARTICLE{Tanvir_2013Natur,
   author = {{Tanvir}, N.~R. and {Levan}, A.~J. and {Fruchter}, A.~S. and 
	{Hjorth}, J. and {Hounsell}, R.~A. and {Wiersema}, K. and {Tunnicliffe}, R.~L.},
    title = "{A `kilonova' associated with the short-duration {$\gamma$}-ray burst GRB 130603B}",
  journal = nat,
archivePrefix = "arXiv",
   eprint = {1306.4971},
 primaryClass = "astro-ph.HE",
     year = 2013,
    month = aug,
   volume = 500,
    pages = {547-549},
      doi = {10.1038/nature12505},
   url = {http://adsabs.harvard.edu/abs/2013Natur.500..547T},
  adsnote = {Provided by the SAO/NASA Astrophysics Data System}
}

@ARTICLE{Harry_2010CQGra,
   author = {{Harry}, G.~M. and {LIGO Scientific Collaboration}},
    title = "{Advanced LIGO: the next generation of gravitational wave detectors}",
  journal = {Classical and Quantum Gravity},
     year = 2010,
    month = apr,
   volume = 27,
   number = 8,
      eid = {084006},
    pages = {084006},
      doi = {10.1088/0264-9381/27/8/084006},
   url = {http://adsabs.harvard.edu/abs/2010CQGra..27h4006H},
  adsnote = {Provided by the SAO/NASA Astrophysics Data System}
}

@ARTICLE{Accadia_2012JInst,
   author = {{Accadia}, T. and {Acernese}, F. and {Alshourbagy}, M. and {Amico}, P. and 
	{Antonucci}, F. and {Aoudia}, S. and {Arnaud}, N. and {Arnault}, C. and 
	{Arun}, K.~G. and {Astone}, P. and et al.},
    title = "{Virgo: a laser interferometer to detect gravitational waves}",
  journal = {Journal of Instrumentation},
     year = 2012,
    month = mar,
   volume = 7,
    pages = {3012},
      doi = {10.1088/1748-0221/7/03/P03012},
   url = {http://adsabs.harvard.edu/abs/2012JInst...7.3012A},
  adsnote = {Provided by the SAO/NASA Astrophysics Data System}
}

@ARTICLE{Gaisser_2014AnnRevNPS,
  author = {Gaisser,~T. and Halzen,~F.},
  title = {IceCube},
  journal = {Annual Review of Nuclear and Particle Science},
  volume = {64},
  number = {1},
  pages = {null},
  year = {2014},
  doi = {10.1146/annurev-nucl-102313-025321},
  url = {http://dx.doi.org/10.1146/annurev-nucl-102313-025321},
  eprint = {http://dx.doi.org/10.1146/annurev-nucl-102313-025321}   
}

@ARTICLE{Pian_1999AandAS,
   author = {{Pian}, E. and {Amati}, L. and {Antonelli}, L.~A. and {Butler}, R.~C. and 
	{Costa}, E. and {Cusumano}, G. and {Danziger}, J. and {Feroci}, M. and 
	{Fiore}, F. and {Frontera}, F. and {Giommi}, P. and {Masetti}, N. and 
	{Muller}, J.~M. and {Oosterbroek}, T. and {Owens}, A. and {Palazzi}, E. and 
	{Piro}, L. and {Castro-Tirado}, A. and {Coletta}, A. and {dal Fiume}, D. and 
	{del Sordo}, S. and {Heise}, J. and {Nicastro}, L. and {Orlandini}, M. and 
	{Parmar}, A. and {Soffitta}, P. and {Torroni}, V. and {in 't Zand}, J.~J.~M.
	},
    title = "{BeppoSAX detection and follow-up of GRB 980425}",
  journal = aaps,
   eprint = {astro-ph/9903113},
 keywords = {GAMMA-RAYS: BURSTS},
     year = 1999,
    month = sep,
   volume = 138,
    pages = {463-464},
      doi = {10.1051/aas:1999310},
   url = {http://adsabs.harvard.edu/abs/1999A%26AS..138..463P},
  adsnote = {Provided by the SAO/NASA Astrophysics Data System}
}

@ARTICLE{Pian_2000ApJ,
   author = {{Pian}, E. and {Amati}, L. and {Antonelli}, L.~A. and {Butler}, R.~C. and 
	{Costa}, E. and {Cusumano}, G. and {Danziger}, J. and {Feroci}, M. and 
	{Fiore}, F. and {Frontera}, F. and {Giommi}, P. and {Masetti}, N. and 
	{Muller}, J.~M. and {Nicastro}, L. and {Oosterbroek}, T. and 
	{Orlandini}, M. and {Owens}, A. and {Palazzi}, E. and {Parmar}, A. and 
	{Piro}, L. and {in't Zand}, J.~J.~M. and {Castro-Tirado}, A. and 
	{Coletta}, A. and {Dal Fiume}, D. and {Del Sordo}, S. and {Heise}, J. and 
	{Soffitta}, P. and {Torroni}, V.},
    title = "{BeppoSAX Observations of GRB 980425: Detection of the Prompt Event and Monitoring of the Error Box}",
  journal = apj,
   eprint = {astro-ph/9910235},
 keywords = {Gamma Rays: Bursts, Stars: Supernovae: Individual: Alphanumeric: SN 1998bw},
     year = 2000,
    month = jun,
   volume = 536,
    pages = {778-787},
      doi = {10.1086/308978},
   url = {http://adsabs.harvard.edu/abs/2000ApJ...536..778P},
  adsnote = {Provided by the SAO/NASA Astrophysics Data System}
}


@ARTICLE{Kaneko_2007ApJ,
   author = {{Kaneko}, Y. and {Ramirez-Ruiz}, E. and {Granot}, J. and {Kouveliotou}, C. and 
	{Woosley}, S.~E. and {Patel}, S.~K. and {Rol}, E. and {in 't Zand}, J.~J.~M. and 
	{van der Horst}, A.~J. and {Wijers}, R.~A.~M.~J. and {Strom}, R.
	},
    title = "{Prompt and Afterglow Emission Properties of Gamma-Ray Bursts with Spectroscopically Identified Supernovae}",
  journal = apj,
   eprint = {astro-ph/0607110},
 keywords = {Gamma Rays: Bursts, Stars: Supernovae: General},
     year = 2007,
    month = jan,
   volume = 654,
    pages = {385-402},
      doi = {10.1086/508324},
   url = {http://adsabs.harvard.edu/abs/2007ApJ...654..385K},
  adsnote = {Provided by the SAO/NASA Astrophysics Data System}
}

@ARTICLE{Rhoads_1997ApJL,
  author = {{Rhoads}, J.~E.},
  title = {{How to Tell a Jet from a Balloon: A Proposed Test for Beaming in
	Gamma-Ray Bursts}},
  journal = apjl,
  year = {1997},
  volume = {487},
  pages = {L1-L4},
  month = sep,
  adsnote = {Provided by the SAO/NASA Astrophysics Data System},
  url = {http://adsabs.harvard.edu/abs/1997ApJ...487L...1R},
  doi = {10.1086/310876},
  eprint = {astro-ph/9705163},
  keywords = {GAMMA RAYS: BURSTS, X-RAYS: GENERAL, ULTRAVIOLET: GENERAL, RADIO CONTINUUM:
	GENERAL, ISM: JETS AND OUTFLOWS, Gamma Rays: Bursts, ISM: Jets and
	Outflows, Radio Continuum: General, Ultraviolet: General, X-Rays:
	General}
}

@ARTICLE{Rhoads_1999ApJ,
   author = {{Rhoads}, J.~E.},
    title = "{The Dynamics and Light Curves of Beamed Gamma-Ray Burst Afterglows}",
  journal = apj,
   eprint = {astro-ph/9903399},
 keywords = {GAMMA RAYS: BURSTS, Gamma Rays: Bursts},
     year = 1999,
    month = nov,
   volume = 525,
    pages = {737-749},
      doi = {10.1086/307907},
   url = {http://adsabs.harvard.edu/abs/1999ApJ...525..737R},
  adsnote = {Provided by the SAO/NASA Astrophysics Data System}
}

@ARTICLE{Stanek_1999ApJ,
   author = {{Stanek}, K.~Z. and {Garnavich}, P.~M. and {Kaluzny}, J. and 
	{Pych}, W. and {Thompson}, I.},
    title = "{BVRI Observations of the Optical Afterglow of GRB 990510}",
  journal = apjl,
   eprint = {astro-ph/9905304},
 keywords = {GAMMA RAYS: BURSTS, Gamma Rays: Bursts},
     year = 1999,
    month = sep,
   volume = 522,
    pages = {L39-L42},
      doi = {10.1086/312219},
     url = {http://adsabs.harvard.edu/abs/1999ApJ...522L..39S},
  adsnote = {Provided by the SAO/NASA Astrophysics Data System}
}

@ARTICLE{Klebesadel_1973ApJ,
   author = {{Klebesadel}, R.~W. and {Strong}, I.~B. and {Olson}, R.~A.},
    title = "{Observations of Gamma-Ray Bursts of Cosmic Origin}",
  journal = apjl,
     year = 1973,
    month = jun,
   volume = 182,
    pages = {L85},
      doi = {10.1086/181225},
   url = {http://adsabs.harvard.edu/abs/1973ApJ...182L..85K},
  adsnote = {Provided by the SAO/NASA Astrophysics Data System}
}

@ARTICLE{Mazets_1974PZETF_en,
   author = {{Mazets}, E.~P. and {Golenetskij}, S.~V. and {Il'Inskij}, V.~N.},
    title = "{Burst of cosmic gamma-emission from observations on Cosmos-461}",
  journal = {Pisma v Zhurnal Eksperimentalnoi i Teoreticheskoi Fiziki},
     year = 1974,
   volume = 19,
    pages = {126-128},
      url = {http://adsabs.harvard.edu/abs/1974PZETF..19R.126M},
  adsnote = {Provided by the SAO/NASA Astrophysics Data System}
}

%Мазец Е.П., Голенецкий С.В., Ильинский В.Н. Вспышка космического гамма-излучения по наблюдениям на ИСЗ "Космос-461". 
% Письма в ЖЭТФ, 1974, II 19, № 2, о.126-128; 
@ARTICLE{Mazets_1974PZETF_ru,
   author = {{Мазец~Е.~П.} and {Голенецкий~С.~В.} and {Ильинский~В.~Н.}},
    title = "{Вспышка космического гамма-излучения по наблюдениям на ИСЗ Космос-461}",
  journal = {Письма в ЖЭТФ},
     year = 1974,
   volume = 19,
    pages = {126-128},
   language = {russian}
}

@ARTICLE{Kumar_and_Zhang_2014PhR,
   author = {{Kumar}, P. and {Zhang}, B.},
    title = "{The physics of gamma-ray bursts \& relativistic jets}",
  journal = physrep,
archivePrefix = "arXiv",
   eprint = {1410.0679},
 primaryClass = "astro-ph.HE",
     year = 2014,
    month = dec,
   volume = 561,
    pages = {1-109},
   url = {http://adsabs.harvard.edu/abs/2014PhR...561....1K},
  adsnote = {Provided by the SAO/NASA Astrophysics Data System}
}

@ARTICLE{Aartsen_2015ApJ,
   author = {{Aartsen}, M.~G. and {Ackermann}, M. and {Adams}, J. and {Aguilar}, J.~A. and 
	{Ahlers}, M. and {Ahrens}, M. and {Altmann}, D. and {Anderson}, T. and 
	{Arguelles}, C. and {Arlen}, T.~C. and et al.},
    title = "{Search for Prompt Neutrino Emission from Gamma-Ray Bursts with IceCube}",
  journal = apjl,
archivePrefix = "arXiv",
   eprint = {1412.6510},
 primaryClass = "astro-ph.HE",
 keywords = {gamma-ray burst: general, neutrinos},
     year = 2015,
    month = may,
   volume = 805,
      eid = {L5},
    pages = {L5},
      doi = {10.1088/2041-8205/805/1/L5},
   url = {http://adsabs.harvard.edu/abs/2015ApJ...805L...5A},
  adsnote = {Provided by the SAO/NASA Astrophysics Data System}
}

@ARTICLE{Baerwald_2015APh,
   author = {{Baerwald}, P. and {Bustamante}, M. and {Winter}, W.},
    title = "{Are gamma-ray bursts the sources of ultra-high energy cosmic rays?}",
  journal = {Astroparticle Physics},
archivePrefix = "arXiv",
   eprint = {1401.1820},
 primaryClass = "astro-ph.HE",
 keywords = {Gamma ray bursts theory, Ultra high energy cosmic rays, Ultra high energy photons and neutrinos, Cosmological neutrinos},
     year = 2015,
    month = mar,
   volume = 62,
    pages = {66-91},
      doi = {10.1016/j.astropartphys.2014.07.007},
   url = {http://adsabs.harvard.edu/abs/2015APh....62...66B},
  adsnote = {Provided by the SAO/NASA Astrophysics Data System}
}

@ARTICLE{Fenimore_1996ApJ,
   author = {{Fenimore}, E.~E. and {Madras}, C.~D. and {Nayakshin}, S.},
    title = "{Expanding Relativistic Shells and Gamma-Ray Burst Temporal Structure}",
  journal = apj,
   eprint = {astro-ph/9607163},
 keywords = {GAMMA RAYS: BURSTS, RADIATIVE TRANSFER},
     year = 1996,
    month = dec,
   volume = 473,
    pages = {998},
      doi = {10.1086/178210},
   url = {http://adsabs.harvard.edu/abs/1996ApJ...473..998F},
  adsnote = {Provided by the SAO/NASA Astrophysics Data System}
}

%Publication: New Astronomy, Volume 2, Issue 5, p. 449-460 abbr: New Astron.
@ARTICLE{Goodman1997_NewA,
   author = {{Goodman}, J.},
    title = "{Radio scintillation of gamma-ray-burst afterglows}",
  journal = na,
   eprint = {astro-ph/9706084},
 keywords = {Radio microwave, Physical properties, Radio sources, gamma-ray sources, gamma-ray bursts},
     year = 1997,
    month = nov,
   volume = 2,
    pages = {449-460},
      doi = {10.1016/S1384-1076(97)00031-6},
   url = {http://adsabs.harvard.edu/abs/1997NewA....2..449G},
  adsnote = {Provided by the SAO/NASA Astrophysics Data System}
}

@ARTICLE{Goodman_1986ApJ,
   author = {{Goodman}, J.},
    title = "{Are gamma-ray bursts optically thick?}",
  journal = apjl,
 keywords = {Astronomical Models, Gamma Ray Bursts, Optical Thickness, Black Body Radiation, Distance, Energy Distribution, Nuclear Reactions},
     year = 1986,
    month = sep,
   volume = 308,
    pages = {L47-L50},
      doi = {10.1086/184741},
   url = {http://adsabs.harvard.edu/abs/1986ApJ...308L..47G},
  adsnote = {Provided by the SAO/NASA Astrophysics Data System}
}



