@ARTICLE{Aptekar1995SSR,
  author = {{Aptekar}, R.~L. and {Frederiks}, D.~D. and {Golenetskii}, S.~V.
	and {Ilynskii}, V.~N. and {Mazets}, E.~P. and {Panov}, V.~N. and
	{Sokolova}, Z.~J. and {Terekhov}, M.~M. and {Sheshin}, L.~O. and
	{Cline}, T.~L. and {Stilwell}, D.~E.},
  title = {{Konus-W Gamma-Ray Burst Experiment for the GGS Wind Spacecraft}},
  journal = ssr,
  year = {1995},
  volume = {71},
  pages = {265-272},
  month = feb,
  adsnote = {Provided by the SAO/NASA Astrophysics Data System},
  url = {http://adsabs.harvard.edu/abs/1995SSRv...71..265A},
  doi = {10.1007/BF00751332},
  owner = {Administrator},
  language = {english},
  timestamp = {2012.07.03}
}

@ARTICLE{Margutti_2012ApJ,
   author = {{Margutti}, R. and {Soderberg}, A.~M. and {Chomiuk}, L. and 
	{Chevalier}, R. and {Hurley}, K. and {Milisavljevic}, D. and 
	{Foley}, R.~J. and {Hughes}, J.~P. and {Slane}, P. and {Fransson}, C. and 
	{Moe}, M. and {Barthelmy}, S. and {Boynton}, W. and {Briggs}, M. and 
	{Connaughton}, V. and {Costa}, E. and {Cummings}, J. and {Del Monte}, E. and 
	{Enos}, H. and {Fellows}, C. and {Feroci}, M. and {Fukazawa}, Y. and 
	{Gehrels}, N. and {Goldsten}, J. and {Golovin}, D. and {Hanabata}, Y. and 
	{Harshman}, K. and {Krimm}, H. and {Litvak}, M.~L. and {Makishima}, K. and 
	{Marisaldi}, M. and {Mitrofanov}, I.~G. and {Murakami}, T. and 
	{Ohno}, M. and {Palmer}, D.~M. and {Sanin}, A.~B. and {Starr}, R. and 
	{Svinkin}, D. and {Takahashi}, T. and {Tashiro}, M. and {Terada}, Y. and 
	{Yamaoka}, K.},
    title = "{Inverse Compton X-Ray Emission from Supernovae with Compact Progenitors: Application to SN2011fe}",
  journal = apj,
archivePrefix = "arXiv",
   eprint = {1202.0741},
 primaryClass = "astro-ph.HE",
 keywords = {radiation mechanisms: non-thermal, supernovae: individual: SN2011fe},
     year = 2012,
    month = jun,
   volume = 751,
      eid = {134},
    pages = {134},
      doi = {10.1088/0004-637X/751/2/134},
   url = {http://adsabs.harvard.edu/abs/2012ApJ...751..134M},
  adsnote = {Provided by the SAO/NASA Astrophysics Data System}
}

@ARTICLE{Band_1993ApJ,
   author = {{Band}, D. and {Matteson}, J. and {Ford}, L. and {Schaefer}, B. and 
	{Palmer}, D. and {Teegarden}, B. and {Cline}, T. and {Briggs}, M. and 
	{Paciesas}, W. and {Pendleton}, G. and {Fishman}, G. and {Kouveliotou}, C. and 
	{Meegan}, C. and {Wilson}, R. and {Lestrade}, P.},
    title = "{BATSE observations of gamma-ray burst spectra. I - Spectral diversity}",
  journal = apj,
 keywords = {Galactic Halos, Gamma Ray Bursts, Gamma Ray Spectra, Statistical Analysis, Radiation Distribution, Transient Response},
     year = 1993,
    month = aug,
   volume = 413,
    pages = {281-292},
      doi = {10.1086/172995},
   url = {http://adsabs.harvard.edu/abs/1993ApJ...413..281B},
  adsnote = {Provided by the SAO/NASA Astrophysics Data System}
}

@INPROCEEDINGS{Terekhov_1998AIPC,
   author = {{Terekhov}, M.~M. and {Aptekar}, R.~L. and {Frederiks}, D.~D. and 
	{Golenetskii}, S.~V. and {Il'Inskii}, V.~N. and {Mazets}, E.~P.},
    title = "{The Konus-Wind and Konus-A instrument response functions and the spectral deconvolution procedure}",
 keywords = {X- and gamma-ray telescopes and instrumentation, gamma-ray sources, gamma-ray bursts},
booktitle = {Gamma-Ray Bursts, 4th Hunstville Symposium},
     year = 1998,
   series = {American Institute of Physics Conference Series},
   volume = 428,
   editor = {{Meegan}, C.~A. and {Preece}, R.~D. and {Koshut}, T.~M.},
    month = may,
    pages = {894-898},
      doi = {10.1063/1.55416},
   url = {http://adsabs.harvard.edu/abs/1998AIPC..428..894T},
  adsnote = {Provided by the SAO/NASA Astrophysics Data System}
}

@ARTICLE{GEANT4_2003NIMPA,
   author = {{Agostinelli}, S. and {Allison}, J. and {Amako}, K. and {Apostolakis}, J. and 
	{Araujo}, H. and {Arce}, P. and {Asai}, M. and {Axen}, D. and 
	{Banerjee}, S. and {Barrand}, G. and {Behner}, F. and {Bellagamba}, L. and 
	{Boudreau}, J. and {Broglia}, L. and {Brunengo}, A. and {Burkhardt}, H. and 
	{Chauvie}, S. and {Chuma}, J. and {Chytracek}, R. and {Cooperman}, G. and 
	{Cosmo}, G. and {Degtyarenko}, P. and {Dell'Acqua}, A. and {Depaola}, G. and 
	{Dietrich}, D. and {Enami}, R. and {Feliciello}, A. and {Ferguson}, C. and 
	{Fesefeldt}, H. and {Folger}, G. and {Foppiano}, F. and {Forti}, A. and 
	{Garelli}, S. and {Giani}, S. and {Giannitrapani}, R. and {Gibin}, D. and 
	{G{\'o}mez Cadenas}, J.~J. and {Gonz{\'a}lez}, I. and {Gracia Abril}, G. and 
	{Greeniaus}, G. and {Greiner}, W. and {Grichine}, V. and {Grossheim}, A. and 
	{Guatelli}, S. and {Gumplinger}, P. and {Hamatsu}, R. and {Hashimoto}, K. and 
	{Hasui}, H. and {Heikkinen}, A. and {Howard}, A. and {Ivanchenko}, V. and 
	{Johnson}, A. and {Jones}, F.~W. and {Kallenbach}, J. and {Kanaya}, N. and 
	{Kawabata}, M. and {Kawabata}, Y. and {Kawaguti}, M. and {Kelner}, S. and 
	{Kent}, P. and {Kimura}, A. and {Kodama}, T. and {Kokoulin}, R. and 
	{Kossov}, M. and {Kurashige}, H. and {Lamanna}, E. and {Lamp{\'e}n}, T. and 
	{Lara}, V. and {Lefebure}, V. and {Lei}, F. and {Liendl}, M. and 
	{Lockman}, W. and {Longo}, F. and {Magni}, S. and {Maire}, M. and 
	{Medernach}, E. and {Minamimoto}, K. and {Mora de Freitas}, P. and 
	{Morita}, Y. and {Murakami}, K. and {Nagamatu}, M. and {Nartallo}, R. and 
	{Nieminen}, P. and {Nishimura}, T. and {Ohtsubo}, K. and {Okamura}, M. and 
	{O'Neale}, S. and {Oohata}, Y. and {Paech}, K. and {Perl}, J. and 
	{Pfeiffer}, A. and {Pia}, M.~G. and {Ranjard}, F. and {Rybin}, A. and 
	{Sadilov}, S. and {Di Salvo}, E. and {Santin}, G. and {Sasaki}, T. and 
	{Savvas}, N. and {Sawada}, Y. and {Scherer}, S. and {Sei}, S. and 
	{Sirotenko}, V. and {Smith}, D. and {Starkov}, N. and {Stoecker}, H. and 
	{Sulkimo}, J. and {Takahata}, M. and {Tanaka}, S. and {Tcherniaev}, E. and 
	{Safai Tehrani}, E. and {Tropeano}, M. and {Truscott}, P. and 
	{Uno}, H. and {Urban}, L. and {Urban}, P. and {Verderi}, M. and 
	{Walkden}, A. and {Wander}, W. and {Weber}, H. and {Wellisch}, J.~P. and 
	{Wenaus}, T. and {Williams}, D.~C. and {Wright}, D. and {Yamada}, T. and 
	{Yoshida}, H. and {Zschiesche}, D. and {G EANT4 Collaboration}
	},
    title = "{GEANT4~--- a simulation toolkit}",
  journal = {Nuclear Instruments and Methods in Physics Research A},
     year = 2003,
   volume = 506,
    pages = {250-303},
      doi = {10.1016/S0168-9002(03)01368-8},
   url = {http://adsabs.harvard.edu/abs/2003NIMPA.506..250A},
  adsnote = {Provided by the SAO/NASA Astrophysics Data System}
}