
%Publication: New Astronomy, Volume 2, Issue 5, p. 449-460 abbr: New Astron.
@ARTICLE{Goodman1997_NewA,
   author = {{Goodman}, J.},
    title = "{Radio scintillation of gamma-ray-burst afterglows}",
  journal = na,
   eprint = {astro-ph/9706084},
 keywords = {Radio microwave, Physical properties, Radio sources, gamma-ray sources, gamma-ray bursts},
     year = 1997,
    month = nov,
   volume = 2,
    pages = {449-460},
      doi = {10.1016/S1384-1076(97)00031-6},
   url = {http://adsabs.harvard.edu/abs/1997NewA....2..449G},
  adsnote = {Provided by the SAO/NASA Astrophysics Data System}
}

@ARTICLE{Goodman_1986ApJ,
   author = {{Goodman}, J.},
    title = "{Are gamma-ray bursts optically thick?}",
  journal = apjl,
 keywords = {Astronomical Models, Gamma Ray Bursts, Optical Thickness, Black Body Radiation, Distance, Energy Distribution, Nuclear Reactions},
     year = 1986,
    month = sep,
   volume = 308,
    pages = {L47-L50},
      doi = {10.1086/184741},
   url = {http://adsabs.harvard.edu/abs/1986ApJ...308L..47G},
  adsnote = {Provided by the SAO/NASA Astrophysics Data System}
}

@ARTICLE{Fenimore_1996ApJ,
   author = {{Fenimore}, E.~E. and {Madras}, C.~D. and {Nayakshin}, S.},
    title = "{Expanding Relativistic Shells and Gamma-Ray Burst Temporal Structure}",
  journal = apj,
   eprint = {astro-ph/9607163},
 keywords = {GAMMA RAYS: BURSTS, RADIATIVE TRANSFER},
     year = 1996,
    month = dec,
   volume = 473,
    pages = {998},
      doi = {10.1086/178210},
   url = {http://adsabs.harvard.edu/abs/1996ApJ...473..998F},
  adsnote = {Provided by the SAO/NASA Astrophysics Data System}
}

@ARTICLE{Frail_1997Natur,
   author = {{Frail}, D.~A. and {Kulkarni}, S.~R. and {Nicastro}, L. and 
	{Feroci}, M. and {Taylor}, G.~B.},
    title = "{The radio afterglow from the {$\gamma$}-ray burst of 8 May 1997}",
  journal = nat,
     year = 1997,
    month = sep,
   volume = 389,
    pages = {261-263},
      doi = {10.1038/38451},
   url = {http://adsabs.harvard.edu/abs/1997Natur.389..261F},
  adsnote = {Provided by the SAO/NASA Astrophysics Data System}
}


@ARTICLE{Kumar_and_Zhang_2014PhR,
   author = {{Kumar}, P. and {Zhang}, B.},
    title = "{The physics of gamma-ray bursts {\amp} relativistic jets}",
  journal = physrep,
archivePrefix = "arXiv",
   eprint = {1410.0679},
 primaryClass = "astro-ph.HE",
     year = 2014,
    month = dec,
   volume = 561,
    pages = {1-109},
   url = {http://adsabs.harvard.edu/abs/2014PhR...561....1K},
  adsnote = {Provided by the SAO/NASA Astrophysics Data System}
}


@ARTICLE{Paczynski_1986ApJ,
   author = {{Paczy\'{n}ski}, B.},
    title = "{Gamma-ray bursters at cosmological distances}",
  journal = apjl,
 keywords = {Astronomical Models, Cosmology, Distance, Gamma Ray Bursts, Gravitational Lenses, Black Body Radiation, 
             Electron-Positron Plasmas, Galactic Radiation, Temporal Distribution},
     year = 1986,
    month = sep,
   volume = 308,
    pages = {L43-L46},
      doi = {10.1086/184740},
   url = {http://adsabs.harvard.edu/abs/1986ApJ...308L..43P},
  adsnote = {Provided by the SAO/NASA Astrophysics Data System}
}

@ARTICLE{Rhoads_1999ApJ,
   author = {{Rhoads}, J.~E.},
    title = "{The Dynamics and Light Curves of Beamed Gamma-Ray Burst Afterglows}",
  journal = apj,
   eprint = {astro-ph/9903399},
 keywords = {GAMMA RAYS: BURSTS, Gamma Rays: Bursts},
     year = 1999,
    month = nov,
   volume = 525,
    pages = {737-749},
      doi = {10.1086/307907},
   url = http://adsabs.harvard.edu/abs/1999ApJ...525..737R,
  adsnote = {Provided by the SAO/NASA Astrophysics Data System}
}

@ARTICLE{Taylor_2004ApJ,
   author = {{Taylor}, G.~B. and {Frail}, D.~A. and {Berger}, E. and {Kulkarni}, S.~R.
	},
    title = "{The Angular Size and Proper Motion of the Afterglow of GRB~030329}",
  journal = apjl,
   eprint = {astro-ph/0405300},
 keywords = {Gamma Rays: Bursts},
     year = 2004,
    month = jul,
   volume = 609,
    pages = {L1-L4},
      doi = {10.1086/422554},
      url = {http://adsabs.harvard.edu/abs/2004ApJ...609L...1T},
  adsnote = {Provided by the SAO/NASA Astrophysics Data System}
}